@article{KIT98,
  title={{The RoboCup synthetic agent challenge 97}},
  author={H. Kitano, M. Tambe, P. Stone, M. Veloso, S. Coradeschi, E. Osawa, H. Matsubara, I. Noda and M. Asada},
  journal={Lecture Notes in Computer Science},
  volume={1395},
  pages={62--73},
  year={1998},
  publisher={Springer}
}

@article{CAN01,
  title={{Coordination in multi-agent RoboCup teams}},
  author={C. Candea, H. Hu, L. Iocchi, D. Nardi and M. Piaggio},
  journal={Robotics and Autonomous Systems},
  volume={36},
  number={2-3},
  pages={67--86},
  year={2001},
  publisher={Elsevier}
}

@article{BON03,
  title={{An architecture to coordinate fuzzy behaviors to control an autonomous robot}},
  author={A. Bonarini, G. Invernizzi, T. Halva Labella and M. Matteucci},
  journal={Fuzzy sets and systems},
  volume={134},
  number={1},
  pages={101--115},
  year={2003},
  publisher={Elsevier}
}

@article{HUA02,
  title={{Strategy-based decision making of a soccer robot system using a real-time self-organizing fuzzy decision tree}},
  author={H.P. Huang and C.C. Liang},
  journal={Fuzzy Sets and Systems},
  volume={127},
  number={1},
  pages={49--64},
  year={2002},
  publisher={Elsevier}
}

@article{PAR01,
  title={{Modular Q-learning based multi-agent cooperation for robot soccer}},
  author={K.H. Park, Y.J. Kim and J.H. Kim},
  journal={Robotics and Autonomous Systems},
  volume={35},
  number={2},
  pages={109--122},
  year={2001},
  publisher={Elsevier}
}

@conference{KOK02,
  title={{An approach to noncommunicative multiagent coordination in continuous domains}},
  author={J.R. Kok, M.T.J Spaan and N. Vlassis},
  booktitle={Benelearn},
  pages={46--52},
  year={2002},
  organization={Citeseer}
}

@conference{KOK03,
  title={{Multi-robot decision making using coordination graphs}},
  author={J.R. Kok, M.T.J Spaan and N. Vlassis},
  booktitle={Proceedings of the 11th International Conference on Advanced Robotics, ICAR},
  volume={3},
  pages={1124--1129},
  year={2003},
  organization={Citeseer}
}

@article{SPR97,
  title={{Simple strategies for collision-avoidance in robot soccer}},
  author={Springer, G. and Hannah, P. and Stonier, RJ and Smith, S. and Wolfs, P.},
  journal={Robotics and autonomous systems},
  volume={21},
  number={2},
  pages={191--196},
  year={1997},
  publisher={Elsevier}
}

@article{JEO97,
  title={{Evolving cooperative mobile robots using a modified genetic algorithm}},
  author={I.K. Jeong and J.J. Lee},
  journal={Robotics and autonomous systems},
  volume={21},
  number={2},
  pages={197--205},
  year={1997},
  publisher={Elsevier}
}

@conference{SON01,
  title={{Learning for cooperation in multirobot team competitions}},
  author={K.T. Song and C.C. Tang},
  booktitle={Computational Intelligence in Robotics and Automation, 2001. Proceedings 2001 IEEE International Symposium on},
  pages={302--307},
  year={2001}
}

@article{JOL07,
  title={{Intelligent decision making in multi-agent robot soccer system through compounded artificial neural networks}},
  author={Jolly, KG and Ravindran, KP and Vijayakumar, R. and Sreerama Kumar, R.},
  journal={Robotics and Autonomous Systems},
  volume={55},
  number={7},
  pages={589--596},
  year={2007},
  publisher={Elsevier}
}

@article{LAU10,
  title={{Cognitive Concepts in Autonomous Soccer Playing Robots}},
  author={Lauer, M. and Hafner, R. and Lange, S. and Riedmiller, M.},
  journal={Cognitive Systems Research},
  year={2010},
  publisher={Elsevier}
}

@article{ATK09,
  title={{On-the-fly generation of multi-robot team formation strategies based on game conditions}},
  author={J. Atkinson and D. Rojas},
  journal={Expert Systems with Applications},
  volume={36},
  number={3P2},
  pages={6082--6090},
  year={2009},
  publisher={Elsevier}
}

